<record><leader>00000cas a22000007a 4500</leader><controlfield tag="001">28871194</controlfield><controlfield tag="008">930922d19uu1912wyuwr ne      0    0eng d</controlfield><datafield ind1=" " ind2=" " tag="010"><subfield code="a">sn 93070103 </subfield></datafield><datafield ind1=" " ind2=" " tag="040"><subfield code="a">NVO</subfield><subfield code="b">eng</subfield><subfield code="c">NVO</subfield><subfield code="d">OCL</subfield><subfield code="d">OCLCQ</subfield><subfield code="d">OCLCF</subfield><subfield code="d">OCLCO</subfield></datafield><datafield ind1=" " ind2=" " tag="043"><subfield code="a">n-us-wy</subfield></datafield><datafield ind1="0" ind2="0" tag="245"><subfield code="a">Fort D.A. Russell news.</subfield></datafield><datafield ind1="1" ind2="3" tag="246"><subfield code="a">Ft. D.A. Russell news</subfield></datafield><datafield ind1=" " ind2=" " tag="260"><subfield code="a">Fort Russell, Wyo. :</subfield><subfield code="b">H.M. Bunce</subfield></datafield><datafield ind1=" " ind2=" " tag="300"><subfield code="a">v.</subfield></datafield><datafield ind1=" " ind2=" " tag="310"><subfield code="a">Weekly</subfield></datafield><datafield ind1="1" ind2=" " tag="362"><subfield code="a">Ceased in June 1912.</subfield></datafield><datafield ind1=" " ind2=" " tag="588"><subfield code="a">Description based on: Vol. 3, no. 9 (Jan. 28, 1912).</subfield></datafield><datafield ind1=" " ind2="0" tag="651"><subfield code="a">Fort David A. Russell (Wyo.)</subfield><subfield code="v">Newspapers.</subfield></datafield><datafield ind1=" " ind2="0" tag="651"><subfield code="a">Cheyenne (Wyo.)</subfield><subfield code="v">Newspapers.</subfield></datafield><datafield ind1=" " ind2="0" tag="651"><subfield code="a">Laramie County (Wyo.)</subfield><subfield code="v">Newspapers.</subfield></datafield><datafield ind1=" " ind2="7" tag="655"><subfield code="a">Newspapers.</subfield><subfield code="2">fast</subfield><subfield code="0">(OCoLC)fst01423814</subfield></datafield><datafield ind1=" " ind2="7" tag="651"><subfield code="a">Wyoming</subfield><subfield code="z">Cheyenne.</subfield><subfield code="2">fast</subfield><subfield code="0">(OCoLC)fst01207517</subfield></datafield><datafield ind1=" " ind2="7" tag="651"><subfield code="a">Wyoming</subfield><subfield code="z">Fort David A. Russell.</subfield><subfield code="2">fast</subfield><subfield code="0">(OCoLC)fst01248388</subfield></datafield><datafield ind1=" " ind2="7" tag="651"><subfield code="a">Wyoming</subfield><subfield code="z">Laramie County.</subfield><subfield code="2">fast</subfield><subfield code="0">(OCoLC)fst01225729</subfield></datafield><datafield ind1=" " ind2=" " tag="752"><subfield code="a">United States</subfield><subfield code="b">Wyoming</subfield><subfield code="d">Fort David A. Russell.</subfield></datafield><datafield ind1="0" ind2="0" tag="785"><subfield code="t">Tri-weekly news (Cheyenne, Wyo.)</subfield><subfield code="w">(DLC)sn 93070104</subfield><subfield code="w">(OCoLC)28871186</subfield></datafield></record>